@MISC {Googleabout,
    author       = "Google",
    title        = "Google Maps",
    howpublished = "\url{http://www.google.com/maps/about/}",
    year         = "2015"
}
@MISC {Ncta,
    author       = "NCTA",
    title        = "HOW GOOGLE TRACKS TRAFFIC",
    howpublished = "\url{https://www.ncta.com/platform/broadband-internet/how-google-tracks-traffic/}",
    year         = "2013"
}
@misc {Vejdirektorat,
    author       = "Vejdirektoratet",
    title        = "TMC - Status og udbredelse",
    howpublished = "\url{http://asp.vejtid.dk/Artikler/2009/04\%5C5481.pdf}",
    year         = "2009"
}
@BOOK {PIARC0,
    author    = "Technical Comittee of The World Road Organization - PIARC",
    title     = "ITS Handbook",
    publisher = "The World Road Organization - PIARC",
    year      = "0"
}
@ARTICLE {KamranHaas2007,
    author    = "Shoaib Kamran and Olivier Haas",
    title     = "A Multilevel Traffic Incidents Detection Approach: Identifying Traffic Patterns and Vehicle Behaviours using real-time GPS data",
    year      = "2007",
    publisher = "IEEE Intelligent Vehicles Symposium"
}
@ARTICLE {dargay2007vehicle,
    author    = "Dargay, Joyce and Gately, Dermot and Sommer, Martin",
    title     = "Vehicle ownership and income growth, worldwide: 1960-2030",
    journal   = "The Energy Journal",
    year      = "2007",
    pages     = "143--170",
    publisher = "JSTOR"
}
